@article{Halton:1964:ARQ:355588.365104,
 author = {Halton, J. H.},
 title = {Algorithm 247: Radical-inverse Quasi-random Point Sequence},
 journal = {Commun. ACM},
 issue_date = {Dec. 1964},
 volume = {7},
 number = {12},
 month = dec,
 year = {1964},
 issn = {0001-0782},
 pages = {701--702},
 numpages = {2},
 url = {http://doi.acm.org/10.1145/355588.365104},
 doi = {10.1145/355588.365104},
 acmid = {365104},
 publisher = {ACM},
 address = {New York, NY, USA},
} 
