@article{Halton:1964:ARQ:355588.365104,
    author = {Halton, J. H.},
    title = {Algorithm 247: Radical-inverse Quasi-random Point Sequence},
    journal = {Commun. ACM},
    issue_date = {Dec. 1964},
    volume = {7},
    number = {12},
    month = dec,
    year = {1964},
    issn = {0001-0782},
    pages = {701--702},
    numpages = {2},
    url = {http://doi.acm.org/10.1145/355588.365104},
    doi = {10.1145/355588.365104},
    acmid = {365104},
    publisher = {ACM},
    address = {New York, NY, USA},
}

@article{NIEDERREITER198851,
    title = "Low-discrepancy and low-dispersion sequences",
    journal = "Journal of Number Theory",
    volume = "30",
    number = "1",
    pages = "51 - 70",
    year = "1988",
    issn = "0022-314X",
    doi = "https://doi.org/10.1016/0022-314X(88)90025-X",
    url = "http://www.sciencedirect.com/science/article/pii/0022314X8890025X",
    author = "Harald Niederreiter",
    abstract = "We generalize and improve earlier constructions of low-discrepancy sequences by Sobol', Faure, and the author, thus obtaining sequences in the s-dimensional unit cube with the smallest discrepancy that is currently known. The construction is based on the theory of (t, s)-sequences. It is also shown that the dispersion of the sequences constructed here has the smallest possible order of magnitude among any sequences in the s-dimensional unit cube."
}

@inproceedings{Shirley:1991:Discrepancy,
    Author = {Shirley, Peter},
    Booktitle = {{Proceedings} of {Eurographics}},
    Date-Modified = {2019-03-28 01:10:38 -0400},
    Doi = {10.2312/egtp.19911013},
    Issn = {1017-4656},
    Pages = {183--194},
    Publisher = {Eurographics Association},
    Title = {Discrepancy as a Quality Measure for Sample Distributions},
    Year = {1991}
}

@article{SOBOL196786,
    title = "On the distribution of points in a cube and the approximate evaluation of integrals",
    journal = "USSR Computational Mathematics and Mathematical Physics",
    volume = "7",
    number = "4",
    pages = "86 - 112",
    year = "1967",
    issn = "0041-5553",
    doi = "https://doi.org/10.1016/0041-5553(67)90144-9",
    url = "http://www.sciencedirect.com/science/article/pii/0041555367901449",
    author = "I.M Sobol"
}

@inproceedings{Kajiya:1986:RE:15922.15902,
    author = {Kajiya, James T.},
    title = {The Rendering Equation},
    booktitle = {Proceedings of the 13th Annual Conference on Computer Graphics and Interactive Techniques},
    series = {SIGGRAPH '86},
    year = {1986},
    isbn = {0-89791-196-2},
    pages = {143--150},
    numpages = {8},
    url = {http://doi.acm.org/10.1145/15922.15902},
    doi = {10.1145/15922.15902},
    acmid = {15902},
    publisher = {ACM},
    address = {New York, NY, USA},
}

@article{Kajiya:1986:RE:15886.15902,
    author = {Kajiya, James T.},
    title = {The Rendering Equation},
    journal = {SIGGRAPH Comput. Graph.},
    issue_date = {Aug. 1986},
    volume = {20},
    number = {4},
    month = aug,
    year = {1986},
    issn = {0097-8930},
    pages = {143--150},
    numpages = {8},
    doi = {10.1145/15886.15902},
    acmid = {15902},
    publisher = {ACM},
    address = {New York, NY, USA},
}

@book{Loeve:1977:Probability,
    author = {Loeve, Michel},
    title = {Probability Theory 1},
    publisher = {Springer-Verlag New York},
    doi = {10.1007/978-1-4684-9464-8},
    isbn = {978-1-4684-9464-8},
    numpages = {428},
    year = {1977}
}

@inproceedings{Subr:2016:Fourier,
    Author = {Subr, Kartic and Singh, Gurprit and Jarosz, Wojciech},
    Booktitle = {{ACM} {SIGGRAPH} Courses},
    Date-Modified = {2019-03-28 01:10:38 -0400},
    Doi = {10.1145/2897826.2927356},
    Isbn = {978-1-4503-4289-6},
    Location = {Anaheim, California},
    Month = jul,
    Noaddress = {New York, NY, USA},
    Title = {Fourier Analysis of Numerical Integration in {Monte Carlo} Rendering: Theory and Practice},
    Year = {2016},
    Bdsk-Url-1 = {https://doi.org/10.1145/2897826.2927356}
}

@article{ours,
    Author = {Jarosz, Wojciech and Enayet, Afnan and Kensler, Andrew and Kilpatrick, Charlie, and Christensen, Per},
    Year = {2019},
    Title = {Orthogonal Array Sampling for Monte Carlo Rendering},
    Pages = {12}
}

@book{Pressman:2010:Software,
    Address = {New York, NY, USA},
    Author = {Pressman, Roger},
    Date-Modified = {2019-03-28 01:10:38 -0400},
    Edition = {7},
    Isbn = {0073375977},
    Publisher = {McGraw-Hill, Inc.},
    Title = {Software Engineering: A Practitioner's Approach},
    Year = {2010}
}

@inbook{Owen:2013:Monte,
    Author = {Owen, Art B.},
    Chapter = {10},
    Date-Added = {2018-11-02 10:53:12 -0400},
    Date-Modified = {2019-03-28 01:10:38 -0400},
    Title = {{Monte Carlo Theory, Methods and Examples}},
    Year = 2013,
    Bdsk-File-1 = {YnBsaXN0MDDSAQIDBFxyZWxhdGl2ZVBhdGhZYWxpYXNEYXRhXxApT3dlbi0yMDEzLUFkdmFuY2VkIHZhcmlhbmNlIHJlZHVjdGlvbi5wZGZPEQIkAAAAAAIkAAIAAAxNYWNpbnRvc2ggSEQAAAAAAAAAAAAAAAAAAAAAAAAAQkQAAf////8fT3dlbi0yMDEzLUFkdmFuY2VkI0ZGRkZGRkZGLnBkZgAAAAAAAAAAAAAAAAAAAAAAAAAAAAAAAAAAAAAAAAAA/////wAAAAAAAAAAAAAAAAABAAIAAAogY3UAAAAAAAAAAAAAAAAACnJlZmVyZW5jZXMAAgB6LzpVc2Vyczp3amFyb3N6OkRvY3VtZW50czpXb3JrOlBhcGVyczpuRC1NdWx0aUppdHRlcmVkLVNhbXBsaW5nOlBhcGVyOnJlZmVyZW5jZXM6T3dlbi0yMDEzLUFkdmFuY2VkIHZhcmlhbmNlIHJlZHVjdGlvbi5wZGYADgBUACkATwB3AGUAbgAtADIAMAAxADMALQBBAGQAdgBhAG4AYwBlAGQAIAB2AGEAcgBpAGEAbgBjAGUAIAByAGUAZAB1AGMAdABpAG8AbgAuAHAAZABmAA8AGgAMAE0AYQBjAGkAbgB0AG8AcwBoACAASABEABIAeFVzZXJzL3dqYXJvc3ovRG9jdW1lbnRzL1dvcmsvUGFwZXJzL25ELU11bHRpSml0dGVyZWQtU2FtcGxpbmcvUGFwZXIvcmVmZXJlbmNlcy9Pd2VuLTIwMTMtQWR2YW5jZWQgdmFyaWFuY2UgcmVkdWN0aW9uLnBkZgATAAEvAAAVAAIADv//AAAACAANABoAJABQAAAAAAAAAgEAAAAAAAAABQAAAAAAAAAAAAAAAAAAAng=}}

    @phdthesis{Veach:1998:Robust,
        Advisor = {Guibas, Leonidas J.},
        Author = {Veach, Eric},
        Date-Modified = {2019-03-28 01:10:38 -0400},
        Isbn = {0-591-90780-1},
        School = {Stanford University},
        Title = {Robust {Monte Carlo} Methods for Light Transport Simulation},
        Year = {1998}
    }

@book{Pharr:2016:Physically,
    Address = {San Francisco, CA, USA},
    Author = {Pharr, Matt and Jakob, Wenzel and Humphreys, Greg},
    Date-Modified = {2019-03-28 01:10:38 -0400},
    Edition = 3,
    Isbn = {978-0-12-800645-0},
    Publisher = {Morgan Kaufmann Publishers Inc.},
    Title = {Physically Based Rendering: From Theory To Implementation},
    Year = {2016}
}

@article{Bose:1952:Orthogonal,
    Author = {Bose, Raj Chandra and Bush, K. A.},
    Date-Added = {2018-11-02 11:06:37 -0400},
    Date-Modified = {2019-03-28 01:10:38 -0400},
    Doi = {10.1214/aoms/1177729331},
    Issn = {00034851},
    Journal = {The Annals of Mathematical Statistics},
    Number = {4},
    Opturl = {http://www.jstor.org/stable/2236577},
    Pages = {508--524},
    Publisher = {Institute of Mathematical Statistics},
    Title = {Orthogonal Arrays of Strength two and three},
    Volume = {23},
    Year = {1952},
    Abstract = {Orthogonal arrays can be regarded as natural generalizations of orthogonal Latin squares, and are useful in various problems of experimental design. In this paper the known upper bounds for the maximum possible number of constraints for arrays of strength 2 and 3 have been improved, and certain methods for constructing these arrays have been given.},
    Bdsk-File-1 = {YnBsaXN0MDDSAQIDBFxyZWxhdGl2ZVBhdGhZYWxpYXNEYXRhXxB6RG9jdW1lbnRzL1dvcmsvUGFwZXJzL25ELU11bHRpSml0dGVyZWQtU2FtcGxpbmcvUGFwZXIvcmVmZXJlbmNlcy9Cb3NlLTE5NTItT3J0aG9nb25hbCBBcnJheXMgb2YgU3RyZW5ndGggdHdvIGFuZCB0aHJlZS5wZGZPEQJkAAAAAAJkAAIAAAxNYWNpbnRvc2ggSEQAAAAAAAAAAAAAAAAAAAAAAAAAQkQAAf////8fQm9zZS0xOTUyLU9ydGhvZ29uI0ZGRkZGRkZGLnBkZgAAAAAAAAAAAAAAAAAAAAAAAAAAAAAAAAAAAAAAAAAA/////wAAAAAAAAAAAAAAAAABAAgAAAogY3UAAAAAAAAAAAAAAAAACnJlZmVyZW5jZXMAAgCKLzpVc2Vyczp3amFyb3N6OkRvY3VtZW50czpXb3JrOlBhcGVyczpuRC1NdWx0aUppdHRlcmVkLVNhbXBsaW5nOlBhcGVyOnJlZmVyZW5jZXM6Qm9zZS0xOTUyLU9ydGhvZ29uYWwgQXJyYXlzIG9mIFN0cmVuZ3RoIHR3byBhbmQgdGhyZWUucGRmAA4AdAA5AEIAbwBzAGUALQAxADkANQAyAC0ATwByAHQAaABvAGcAbwBuAGEAbAAgAEEAcgByAGEAeQBzACAAbwBmACAAUwB0AHIAZQBuAGcAdABoACAAdAB3AG8AIABhAG4AZAAgAHQAaAByAGUAZQAuAHAAZABmAA8AGgAMAE0AYQBjAGkAbgB0AG8AcwBoACAASABEABIAiFVzZXJzL3dqYXJvc3ovRG9jdW1lbnRzL1dvcmsvUGFwZXJzL25ELU11bHRpSml0dGVyZWQtU2FtcGxpbmcvUGFwZXIvcmVmZXJlbmNlcy9Cb3NlLTE5NTItT3J0aG9nb25hbCBBcnJheXMgb2YgU3RyZW5ndGggdHdvIGFuZCB0aHJlZS5wZGYAEwABLwAAFQACAA7//wAAAAgADQAaACQAoQAAAAAAAAIBAAAAAAAAAAUAAAAAAAAAAAAAAAAAAAMJ},
    Bdsk-Url-1 = {http://www.jstor.org/stable/2236577}
}

@article{Bush:1952:Orthogonal,
    Author = {Bush, K. A.},
    Date-Added = {2018-11-02 10:31:36 -0400},
    Date-Modified = {2019-03-28 01:10:38 -0400},
    Doi = {10.1214/aoms/1177729387},
    Issn = {00034851},
    Journal = {The Annals of Mathematical Statistics},
    Number = {3},
    Opturl = {http://www.jstor.org/stable/2236685},
    Pages = {426--434},
    Publisher = {Institute of Mathematical Statistics},
    Title = {Orthogonal Arrays of Index Unity},
    Volume = {23},
    Year = {1952},
    Abstract = {In this paper we shall proceed to generalize the notion of a set of orthogonal Latin squares, and we term this extension an orthogonal array of index unity. In Section 2 we secure bounds for the number of constraints which are the counterpart of the familiar theorem which states that the number of mutually orthogonal Latin squares of side s is bounded above by s - 1. Curiously, our bound depends upon whether s is odd or even. In Section 3 we give a method of constructing these arrays by considering a class of polynomials with coefficients in the finite Galois field GF(s), where s is a prime or a power of a prime. In the concluding section we give a brief discussion of designs based on these arrays.},
    Bdsk-File-1 = {YnBsaXN0MDDSAQIDBFxyZWxhdGl2ZVBhdGhZYWxpYXNEYXRhXxBvRG9jdW1lbnRzL1dvcmsvUGFwZXJzL25ELU11bHRpSml0dGVyZWQtU2FtcGxpbmcvUGFwZXIvcmVmZXJlbmNlcy9CdXNoLTE5NTItT3J0aG9nb25hbCBBcnJheXMgb2YgSW5kZXggVW5pdHkucGRmTxECOgAAAAACOgACAAAMTWFjaW50b3NoIEhEAAAAAAAAAAAAAAAAAAAAAAAAAEJEAAH/////H0J1c2gtMTk1Mi1PcnRob2dvbiNGRkZGRkZGRi5wZGYAAAAAAAAAAAAAAAAAAAAAAAAAAAAAAAAAAAAAAAAAAP////8AAAAAAAAAAAAAAAAAAQAIAAAKIGN1AAAAAAAAAAAAAAAAAApyZWZlcmVuY2VzAAIAfy86VXNlcnM6d2phcm9zejpEb2N1bWVudHM6V29yazpQYXBlcnM6bkQtTXVsdGlKaXR0ZXJlZC1TYW1wbGluZzpQYXBlcjpyZWZlcmVuY2VzOkJ1c2gtMTk1Mi1PcnRob2dvbmFsIEFycmF5cyBvZiBJbmRleCBVbml0eS5wZGYAAA4AXgAuAEIAdQBzAGgALQAxADkANQAyAC0ATwByAHQAaABvAGcAbwBuAGEAbAAgAEEAcgByAGEAeQBzACAAbwBmACAASQBuAGQAZQB4ACAAVQBuAGkAdAB5AC4AcABkAGYADwAaAAwATQBhAGMAaQBuAHQAbwBzAGgAIABIAEQAEgB9VXNlcnMvd2phcm9zei9Eb2N1bWVudHMvV29yay9QYXBlcnMvbkQtTXVsdGlKaXR0ZXJlZC1TYW1wbGluZy9QYXBlci9yZWZlcmVuY2VzL0J1c2gtMTk1Mi1PcnRob2dvbmFsIEFycmF5cyBvZiBJbmRleCBVbml0eS5wZGYAABMAAS8AABUAAgAO//8AAAAIAA0AGgAkAJYAAAAAAAACAQAAAAAAAAAFAAAAAAAAAAAAAAAAAAAC1A==},
    Bdsk-Url-1 = {http://www.jstor.org/stable/2236685}
}

@article{Christensen:2018:Progressive,
    Author = {Christensen, Per and Kensler, Andrew and Kilpatrick, Charlie},
    Date-Added = {2018-11-08 09:16:37 -0500},
    Date-Modified = {2019-03-28 01:28:58 -0400},
    Doi = {10.1111/cgf.13472},
    Issn = {0167-7055},
    Journal = egsr08,
    Month = jul,
    Number = {4},
    Opturl = {http://dx.doi.org/10.1111/cgf.13472},
    Pages = {21--33},
    Publisher = {Wiley},
    Title = {Progressive Multi-Jittered Sample Sequences},
    Volume = {37},
    Year = {2018},
    Bdsk-File-1 = {YnBsaXN0MDDSAQIDBFxyZWxhdGl2ZVBhdGhZYWxpYXNEYXRhXxCBRG9jdW1lbnRzL1dvcmsvUGFwZXJzL25ELU11bHRpSml0dGVyZWQtU2FtcGxpbmcvUGFwZXIvcmVmZXJlbmNlcy9DaHJpc3RlbnNlbi0yMDE4LVByb2dyZXNzaXZlIE11bHRpLUppdHRlcmVkIFNhbXBsZSBTZXF1ZW5jZXMucGRmTxECggAAAAACggACAAAMTWFjaW50b3NoIEhEAAAAAAAAAAAAAAAAAAAAAAAAAEJEAAH/////H0NocmlzdGVuc2VuLTIwMTgtUCNGRkZGRkZGRi5wZGYAAAAAAAAAAAAAAAAAAAAAAAAAAAAAAAAAAAAAAAAAAP////8AAAAAAAAAAAAAAAAAAQAIAAAKIGN1AAAAAAAAAAAAAAAAAApyZWZlcmVuY2VzAAIAkS86VXNlcnM6d2phcm9zejpEb2N1bWVudHM6V29yazpQYXBlcnM6bkQtTXVsdGlKaXR0ZXJlZC1TYW1wbGluZzpQYXBlcjpyZWZlcmVuY2VzOkNocmlzdGVuc2VuLTIwMTgtUHJvZ3Jlc3NpdmUgTXVsdGktSml0dGVyZWQgU2FtcGxlIFNlcXVlbmNlcy5wZGYAAA4AggBAAEMAaAByAGkAcwB0AGUAbgBzAGUAbgAtADIAMAAxADgALQBQAHIAbwBnAHIAZQBzAHMAaQB2AGUAIABNAHUAbAB0AGkALQBKAGkAdAB0AGUAcgBlAGQAIABTAGEAbQBwAGwAZQAgAFMAZQBxAHUAZQBuAGMAZQBzAC4AcABkAGYADwAaAAwATQBhAGMAaQBuAHQAbwBzAGgAIABIAEQAEgCPVXNlcnMvd2phcm9zei9Eb2N1bWVudHMvV29yay9QYXBlcnMvbkQtTXVsdGlKaXR0ZXJlZC1TYW1wbGluZy9QYXBlci9yZWZlcmVuY2VzL0NocmlzdGVuc2VuLTIwMTgtUHJvZ3Jlc3NpdmUgTXVsdGktSml0dGVyZWQgU2FtcGxlIFNlcXVlbmNlcy5wZGYAABMAAS8AABUAAgAO//8AAAAIAA0AGgAkAKgAAAAAAAACAQAAAAAAAAAFAAAAAAAAAAAAAAAAAAADLg==},
    Bdsk-File-2 = {YnBsaXN0MDDSAQIDBFxyZWxhdGl2ZVBhdGhZYWxpYXNEYXRhXxCCRG9jdW1lbnRzL1dvcmsvUGFwZXJzL25ELU11bHRpSml0dGVyZWQtU2FtcGxpbmcvUGFwZXIvcmVmZXJlbmNlcy9DaHJpc3RlbnNlbi0yMDE4LVByb2dyZXNzaXZlIE11bHRpLUppdHRlcmVkIFNhbXBsZSBTZXF1ZW5jZXMwLnBkZk8RAoQAAAAAAoQAAgAADE1hY2ludG9zaCBIRAAAAAAAAAAAAAAAAAAAAAAAAABCRAAB/////x9DaHJpc3RlbnNlbi0yMDE4LVAjRkZGRkZGRkYucGRmAAAAAAAAAAAAAAAAAAAAAAAAAAAAAAAAAAAAAAAAAAD/////AAAAAAAAAAAAAAAAAAEACAAACiBjdQAAAAAAAAAAAAAAAAAKcmVmZXJlbmNlcwACAJIvOlVzZXJzOndqYXJvc3o6RG9jdW1lbnRzOldvcms6UGFwZXJzOm5ELU11bHRpSml0dGVyZWQtU2FtcGxpbmc6UGFwZXI6cmVmZXJlbmNlczpDaHJpc3RlbnNlbi0yMDE4LVByb2dyZXNzaXZlIE11bHRpLUppdHRlcmVkIFNhbXBsZSBTZXF1ZW5jZXMwLnBkZgAOAIQAQQBDAGgAcgBpAHMAdABlAG4AcwBlAG4ALQAyADAAMQA4AC0AUAByAG8AZwByAGUAcwBzAGkAdgBlACAATQB1AGwAdABpAC0ASgBpAHQAdABlAHIAZQBkACAAUwBhAG0AcABsAGUAIABTAGUAcQB1AGUAbgBjAGUAcwAwAC4AcABkAGYADwAaAAwATQBhAGMAaQBuAHQAbwBzAGgAIABIAEQAEgCQVXNlcnMvd2phcm9zei9Eb2N1bWVudHMvV29yay9QYXBlcnMvbkQtTXVsdGlKaXR0ZXJlZC1TYW1wbGluZy9QYXBlci9yZWZlcmVuY2VzL0NocmlzdGVuc2VuLTIwMTgtUHJvZ3Jlc3NpdmUgTXVsdGktSml0dGVyZWQgU2FtcGxlIFNlcXVlbmNlczAucGRmABMAAS8AABUAAgAO//8AAAAIAA0AGgAkAKkAAAAAAAACAQAAAAAAAAAFAAAAAAAAAAAAAAAAAAADMQ==},
    Bdsk-File-3 = {YnBsaXN0MDDSAQIDBFxyZWxhdGl2ZVBhdGhZYWxpYXNEYXRhXxCCRG9jdW1lbnRzL1dvcmsvUGFwZXJzL25ELU11bHRpSml0dGVyZWQtU2FtcGxpbmcvUGFwZXIvcmVmZXJlbmNlcy9DaHJpc3RlbnNlbi0yMDE4LVByb2dyZXNzaXZlIE11bHRpLUppdHRlcmVkIFNhbXBsZSBTZXF1ZW5jZXMxLnBkZk8RAoQAAAAAAoQAAgAADE1hY2ludG9zaCBIRAAAAAAAAAAAAAAAAAAAAAAAAABCRAAB/////x9DaHJpc3RlbnNlbi0yMDE4LVAjRkZGRkZGRkYucGRmAAAAAAAAAAAAAAAAAAAAAAAAAAAAAAAAAAAAAAAAAAD/////AAAAAAAAAAAAAAAAAAEACAAACiBjdQAAAAAAAAAAAAAAAAAKcmVmZXJlbmNlcwACAJIvOlVzZXJzOndqYXJvc3o6RG9jdW1lbnRzOldvcms6UGFwZXJzOm5ELU11bHRpSml0dGVyZWQtU2FtcGxpbmc6UGFwZXI6cmVmZXJlbmNlczpDaHJpc3RlbnNlbi0yMDE4LVByb2dyZXNzaXZlIE11bHRpLUppdHRlcmVkIFNhbXBsZSBTZXF1ZW5jZXMxLnBkZgAOAIQAQQBDAGgAcgBpAHMAdABlAG4AcwBlAG4ALQAyADAAMQA4AC0AUAByAG8AZwByAGUAcwBzAGkAdgBlACAATQB1AGwAdABpAC0ASgBpAHQAdABlAHIAZQBkACAAUwBhAG0AcABsAGUAIABTAGUAcQB1AGUAbgBjAGUAcwAxAC4AcABkAGYADwAaAAwATQBhAGMAaQBuAHQAbwBzAGgAIABIAEQAEgCQVXNlcnMvd2phcm9zei9Eb2N1bWVudHMvV29yay9QYXBlcnMvbkQtTXVsdGlKaXR0ZXJlZC1TYW1wbGluZy9QYXBlci9yZWZlcmVuY2VzL0NocmlzdGVuc2VuLTIwMTgtUHJvZ3Jlc3NpdmUgTXVsdGktSml0dGVyZWQgU2FtcGxlIFNlcXVlbmNlczEucGRmABMAAS8AABUAAgAO//8AAAAIAA0AGgAkAKkAAAAAAAACAQAAAAAAAAAFAAAAAAAAAAAAAAAAAAADMQ==},
    Bdsk-Url-1 = {http://dx.doi.org/10.1111/cgf.13472}
}

@article{He:2012:Strong,
    Author = {He, Yuanzhen and Tang, Boxin},
    Date-Added = {2018-11-02 10:21:04 -0400},
    Date-Modified = {2019-03-28 01:10:38 -0400},
    Doi = {10.1093/biomet/ass065},
    Issn = {1464-3510},
    Journal = {Biometrika},
    Month = dec,
    Number = {1},
    Opturl = {http://dx.doi.org/10.1093/biomet/ass065},
    Pages = {254--260},
    Publisher = {Oxford University Press (OUP)},
    Title = {Strong orthogonal arrays and associated {Latin} hypercubes for computer experiments},
    Volume = {100},
    Year = {2012},
    Annote = {Proves existance of SOA of strength t given OA of that strength but with more factors (dimensions). Even, given a 4D point set that is a strength 3 OA, we can create a 3D point set that has 1, 2, and 3D stratification.},
    Bdsk-File-1 = {YnBsaXN0MDDSAQIDBFxyZWxhdGl2ZVBhdGhZYWxpYXNEYXRhXxCeRG9jdW1lbnRzL1dvcmsvUGFwZXJzL25ELU11bHRpSml0dGVyZWQtU2FtcGxpbmcvUGFwZXIvcmVmZXJlbmNlcy9IZS0yMDEyLVN0cm9uZyBvcnRob2dvbmFsIGFycmF5cyBhbmQgYXNzb2NpYXRlZCBMYXRpbiBoeXBlcmN1YmVzIGZvciBjb21wdXRlciBleHBlcmltZW50cy5wZGZPEQL0AAAAAAL0AAIAAAxNYWNpbnRvc2ggSEQAAAAAAAAAAAAAAAAAAAAAAAAAQkQAAf////8fSGUtMjAxMi1TdHJvbmcgb3J0I0ZGRkZGRkZGLnBkZgAAAAAAAAAAAAAAAAAAAAAAAAAAAAAAAAAAAAAAAAAA/////wAAAAAAAAAAAAAAAAABAAgAAAogY3UAAAAAAAAAAAAAAAAACnJlZmVyZW5jZXMAAgCuLzpVc2Vyczp3amFyb3N6OkRvY3VtZW50czpXb3JrOlBhcGVyczpuRC1NdWx0aUppdHRlcmVkLVNhbXBsaW5nOlBhcGVyOnJlZmVyZW5jZXM6SGUtMjAxMi1TdHJvbmcgb3J0aG9nb25hbCBhcnJheXMgYW5kIGFzc29jaWF0ZWQgTGF0aW4gaHlwZXJjdWJlcyBmb3IgY29tcHV0ZXIgZXhwZXJpbWVudHMucGRmAA4AvABdAEgAZQAtADIAMAAxADIALQBTAHQAcgBvAG4AZwAgAG8AcgB0AGgAbwBnAG8AbgBhAGwAIABhAHIAcgBhAHkAcwAgAGEAbgBkACAAYQBzAHMAbwBjAGkAYQB0AGUAZAAgAEwAYQB0AGkAbgAgAGgAeQBwAGUAcgBjAHUAYgBlAHMAIABmAG8AcgAgAGMAbwBtAHAAdQB0AGUAcgAgAGUAeABwAGUAcgBpAG0AZQBuAHQAcwAuAHAAZABmAA8AGgAMAE0AYQBjAGkAbgB0AG8AcwBoACAASABEABIArFVzZXJzL3dqYXJvc3ovRG9jdW1lbnRzL1dvcmsvUGFwZXJzL25ELU11bHRpSml0dGVyZWQtU2FtcGxpbmcvUGFwZXIvcmVmZXJlbmNlcy9IZS0yMDEyLVN0cm9uZyBvcnRob2dvbmFsIGFycmF5cyBhbmQgYXNzb2NpYXRlZCBMYXRpbiBoeXBlcmN1YmVzIGZvciBjb21wdXRlciBleHBlcmltZW50cy5wZGYAEwABLwAAFQACAA7//wAAAAgADQAaACQAxQAAAAAAAAIBAAAAAAAAAAUAAAAAAAAAAAAAAAAAAAO9},
    Bdsk-Url-1 = {https://doi.org/10.1093/biomet/ass065}
}

@article{Lawrence:1996:combinatorial,
    Author = {Lawrence, K. Mark},
    Date-Added = {2019-03-31 14:54:01 -0400},
    Date-Modified = {2019-03-31 14:54:03 -0400},
    Doi = {10.1002/(SICI)1520-6610(1996)4:4<275::AID-JCD5>3.0.CO;2-C},
    Journal = {Journal of Combinatorial Designs},
    Number = {4},
    Pages = {275-293},
    Title = {A combinatorial characterization of (t,m,s)-nets in base b},
    Volume = {4},
    Year = {1996},
    Bdsk-File-1 = {YnBsaXN0MDDSAQIDBFxyZWxhdGl2ZVBhdGhZYWxpYXNEYXRhXxCNRG9jdW1lbnRzL1dvcmsvUGFwZXJzL25ELU11bHRpSml0dGVyZWQtU2FtcGxpbmcvUGFwZXIvcmVmZXJlbmNlcy9MYXdyZW5jZS0xOTk2LUEgY29tYmluYXRvcmlhbCBjaGFyYWN0ZXJpemF0aW9uIG9mICh0LG0scyktbmV0cyBpbiBiYXNlIGIucGRmTxECsgAAAAACsgACAAAMTWFjaW50b3NoIEhEAAAAAAAAAAAAAAAAAAAAAAAAAEJEAAH/////H0xhd3JlbmNlLTE5OTYtQSBjbyNGRkZGRkZGRi5wZGYAAAAAAAAAAAAAAAAAAAAAAAAAAAAAAAAAAAAAAAAAAP////8AAAAAAAAAAAAAAAAAAQAIAAAKIGN1AAAAAAAAAAAAAAAAAApyZWZlcmVuY2VzAAIAnS86VXNlcnM6d2phcm9zejpEb2N1bWVudHM6V29yazpQYXBlcnM6bkQtTXVsdGlKaXR0ZXJlZC1TYW1wbGluZzpQYXBlcjpyZWZlcmVuY2VzOkxhd3JlbmNlLTE5OTYtQSBjb21iaW5hdG9yaWFsIGNoYXJhY3Rlcml6YXRpb24gb2YgKHQsbSxzKS1uZXRzIGluIGJhc2UgYi5wZGYAAA4AmgBMAEwAYQB3AHIAZQBuAGMAZQAtADEAOQA5ADYALQBBACAAYwBvAG0AYgBpAG4AYQB0AG8AcgBpAGEAbAAgAGMAaABhAHIAYQBjAHQAZQByAGkAegBhAHQAaQBvAG4AIABvAGYAIAAoAHQALABtACwAcwApAC0AbgBlAHQAcwAgAGkAbgAgAGIAYQBzAGUAIABiAC4AcABkAGYADwAaAAwATQBhAGMAaQBuAHQAbwBzAGgAIABIAEQAEgCbVXNlcnMvd2phcm9zei9Eb2N1bWVudHMvV29yay9QYXBlcnMvbkQtTXVsdGlKaXR0ZXJlZC1TYW1wbGluZy9QYXBlci9yZWZlcmVuY2VzL0xhd3JlbmNlLTE5OTYtQSBjb21iaW5hdG9yaWFsIGNoYXJhY3Rlcml6YXRpb24gb2YgKHQsbSxzKS1uZXRzIGluIGJhc2UgYi5wZGYAABMAAS8AABUAAgAO//8AAAAIAA0AGgAkALQAAAAAAAACAQAAAAAAAAAFAAAAAAAAAAAAAAAAAAADag==}
}

@phdthesis{degenerate,
    title = {Different Formulations of the Orthogonal Array Problem and Their Symmetries},
    Author = {Geyer, J. Andrew},
    School = {Air Force Institute of Technology},
    Year = {2014},
}
